@book{adorno1950authoritarian,
  title={The authoritarian personality},
  author={Adorno, Theodor W and Frenkel-Brunswik, Else and Levinson, Daniel J and Sanford, R Nevitt and Aron, Betty Ruth and Levinson, Maria Hertz and William R.. Morrow},
  year={1950},
  publisher={Harper New York}
}

@book{altemeyer1981right,
  title={Right-wing authoritarianism},
  author={Altemeyer, Bob},
  year={1981},
  publisher={University of Manitoba press}
}

@article{titus1957california,
  title={The California F scale in psychological research: 1950-1955.},
  author={Titus, H Edwin and Hollander, Edwin P},
  journal={Psychological bulletin},
  volume={54},
  number={1},
  pages={47},
  year={1957},
  publisher={American Psychological Association}
}

@article{deutsch1960trust,
  title={Trust, trustworthiness, and the F Scale.},
  author={Deutsch, Morton},
  journal={The Journal of Abnormal and Social Psychology},
  volume={61},
  number={1},
  pages={138},
  year={1960},
  publisher={American Psychological Association}
}

@incollection{meloen1993f,
  title={The F scale as a predictor of fascism: An overview of 40 years of authoritarianism research},
  author={Meloen, Jos D},
  booktitle={Strength and weakness},
  pages={47--69},
  year={1993},
  publisher={Springer}
}

@book{levitsky2018democracies,
  title={How democracies die},
  author={Levitsky, Steven and Ziblatt, Daniel},
  year={2018},
  publisher={Crown}
}
f
@article{rokeach1960open,
  title={The open and closed mind},
  author={Rokeach, Milton and others},
  year={1960},
  publisher={Basic books New York}
}

@article{laythe2001predicting,
  title={Predicting prejudice from religious fundamentalism and right-wing authoritarianism: A multiple-regression approach},
  author={Laythe, Brian and Finkel, Deborah and Kirkpatrick, Lee A},
  journal={Journal for the scientific study of Religion},
  volume={40},
  number={1},
  pages={1--10},
  year={2001},
  publisher={Wiley Online Library}
}

@article{rowatt2004christian,
  title={Christian orthodoxy, religious fundamentalism, and right-wing authoritarianism as predictors of implicit racial prejudice},
  author={Rowatt, Wade C and Franklin, Lewis M},
  journal={The International Journal for the Psychology of Religion},
  volume={14},
  number={2},
  pages={125--138},
  year={2004},
  publisher={Taylor \& Francis}
}

@article{hunsberger1996religious,
  title={Religious fundamentalism, right-wing authoritarianism, and hostility toward homosexuals in non-Christian religious groups},
  author={Hunsberger, Bruce},
  journal={The International Journal for the Psychology of Religion},
  volume={6},
  number={1},
  pages={39--49},
  year={1996},
  publisher={Taylor \& Francis}
}

@article{jonathan2008influence,
  title={The influence of religious fundamentalism, right-wing authoritarianism, and Christian orthodoxy on explicit and implicit measures of attitudes toward homosexuals},
  author={Jonathan, Eunike},
  journal={The International Journal for the Psychology of Religion},
  volume={18},
  number={4},
  pages={316--329},
  year={2008},
  publisher={Taylor \& Francis}
}

@article{sibley2007antecedents,
  title={Antecedents of men’s hostile and benevolent sexism: The dual roles of social dominance orientation and right-wing authoritarianism},
  author={Sibley, Chris G and Wilson, Marc S and Duckitt, John},
  journal={Personality and Social Psychology Bulletin},
  volume={33},
  number={2},
  pages={160--172},
  year={2007},
  publisher={Sage Publications Sage CA: Thousand Oaks, CA}
}

@article{thomsen2008we,
  title={We will hunt them down: How social dominance orientation and right-wing authoritarianism fuel ethnic persecution of immigrants in fundamentally different ways},
  author={Thomsen, Lotte and Green, Eva GT and Sidanius, Jim},
  journal={Journal of Experimental Social Psychology},
  volume={44},
  number={6},
  pages={1455--1464},
  year={2008},
  publisher={Elsevier}
}

@article{asbrock2010right,
  title={Right-wing authoritarianism and social dominance orientation and the dimensions of generalized prejudice: A longitudinal test},
  author={Asbrock, Frank and Sibley, Chris G and Duckitt, John},
  journal={European Journal of Personality: Published for the European Association of Personality Psychology},
  volume={24},
  number={4},
  pages={324--340},
  year={2010},
  publisher={Wiley Online Library}
}

@article{henry2005social,
  title={Social dominance orientation, authoritarianism, and support for intergroup violence between the Middle East and America},
  author={Henry, Patrick J and Sidanius, Jim and Levin, Shana and Pratto, Felicia},
  journal={Political Psychology},
  volume={26},
  number={4},
  pages={569--584},
  year={2005},
  publisher={Wiley Online Library}
}

@article{benjamin2006relationship,
  title={The relationship between right-wing authoritarianism and attitudes toward violence: Further validation of the attitudes toward violence scale},
  author={Benjamin, Arlin James},
  journal={Social Behavior and Personality: an international journal},
  volume={34},
  number={8},
  pages={923--926},
  year={2006},
  publisher={Scientific Journal Publishers}
}

@article{duckitt2003impact,
  title={The impact of social threat on worldview and ideological attitudes},
  author={Duckitt, John and Fisher, Kirstin},
  journal={Political Psychology},
  volume={24},
  number={1},
  pages={199--222},
  year={2003},
  publisher={Wiley Online Library}
}

@article{sibley2007effects,
  title={Effects of dangerous and competitive worldviews on right-wing authoritarianism and social dominance orientation over a five-month period},
  author={Sibley, Chris G and Wilson, Marc S and Duckitt, John},
  journal={Political Psychology},
  volume={28},
  number={3},
  pages={357--371},
  year={2007},
  publisher={Wiley Online Library}
}

@article{linden2018terror,
  title={How a terror attack affects right-wing authoritarianism, social dominance orientation, and their relationship to torture attitudes},
  author={Lind{\'e}n, Magnus and Bj{\"o}rklund, Fredrik and B{\"a}ckstr{\"o}m, Martin},
  journal={Scandinavian journal of psychology},
  volume={59},
  number={5},
  pages={547--552},
  year={2018},
  publisher={Wiley Online Library}
}

@article{cohrs2005effects,
  title={Effects of right-wing authoritarianism and threat from terrorism on restriction of civil liberties},
  author={Cohrs, J Christopher and Kielmann, Sven and Maes, J{\"u}rgen and Moschner, Barbara},
  journal={Analyses of Social Issues and Public Policy},
  volume={5},
  number={1},
  pages={263--276},
  year={2005},
  publisher={Wiley Online Library}
}

@article{bauer2016can,
  title={Can war foster cooperation?},
  author={Bauer, Michal and Blattman, Christopher and Chytilov{\'a}, Julie and Henrich, Joseph and Miguel, Edward and Mitts, Tamar},
  journal={Journal of Economic Perspectives},
  volume={30},
  number={3},
  pages={249--74},
  year={2016}
}

@article{bauer2018trusting,
  title={Trusting former rebels: An experimental approach to understanding reintegration after civil war},
  author={Bauer, Michal and Fiala, Nathan and Levely, Ian},
  journal={The Economic Journal},
  volume={128},
  number={613},
  pages={1786--1819},
  year={2018},
  publisher={Wiley Online Library}
}

@article{hawdon2010crime,
  title={Crime as a source of solidarity: a research note testing Durkheim's assertion},
  author={Hawdon, James and Ryan, John and Agnich, Laura},
  journal={Deviant Behavior},
  volume={31},
  number={8},
  pages={679--703},
  year={2010},
  publisher={Taylor \& Francis}
}

@article{bateson2012crime,
  title={Crime victimization and political participation},
  author={Bateson, Regina},
  journal={American Political Science Review},
  volume={106},
  number={3},
  pages={570--587},
  year={2012},
  publisher={Cambridge University Press}
}

@article{schedler2016criminal,
  title={The criminal community of victims and perpetrators: Cognitive foundations of citizen eetachment from organized violence in {M}exico},
  author={Schedler, Andreas},
  journal={Human Rights Quarterly},
  volume={38},
  number={4},
  pages={1038--1069},
  year={2016},
  publisher={The Johns Hopkins University Press}
}

@article{schedler2014collapse,
  title={The collapse of solidarity in criminal civil war: Citizen indifference towards the victims of organized violence in {M}exico},
  author={Schedler, Andreas},
  journal={Browser Download This Paper},
  year={2014}
}

@article{ohtsuki2006cooperation,
  title={A simple rule for the evolution of cooperation on graphs and social networks},
  author={Ohtsuki, Hisashi and Hauert, Christoph and Lieberman, Erez and Nowak, Martin A},
  journal={Nature},
  volume={441},
  number={7092},
  pages={502--505},
  year={2006},
  publisher={Nature Publishing Group}
}

@article{fernandez2010crime,
	title={Crime and support for democracy in Africa and Latin America},
	author={Fernandez, Kenneth E and Kuenzi, Michele},
	journal={Political Studies},
	volume={58},
	number={3},
	pages={450--471},
	year={2010},
	publisher={SAGE Publications}
}

@article{hetherington2011authoritarianism,
  title={Authoritarianism, threat, and Americans’ support for the war on terror},
  author={Hetherington, Marc and Suhay, Elizabeth},
  journal={American Journal of Political Science},
  volume={55},
  number={3},
  pages={546--560},
  year={2011},
  publisher={Wiley Online Library}
}

@article{ceobanu2010crime,
  title={Crime victimization and public support for democracy: evidence from {L}atin {A}merican},
  author={Ceobanu, Alin M and Wood, Charles H and Ribeiro, Ludmila},
  journal={International Journal of Public Opinion Research},
  volume={23},
  number={1},
  pages={56--78},
  year={2010},
  publisher={Oxford University Press}
}

@article{carreras2013impact,
  title={The impact of criminal violence on regime legitimacy in {L}atin {A}merican},
  author={Carreras, Miguel},
  journal={Latin American Research Review},
  volume={48},
  number={3},
  pages={85--107},
  year={2013},
  publisher={Latin American Studies Association}
}

@article{seligson2010crime,
  title={crime, hard times, and discontent},
  author={Seligson, Mitchell A and Booth, John A},
  journal={Journal of Democracy},
  volume={21},
  number={2},
  pages={123--135},
  year={2010},
  publisher={The Johns Hopkins University Press}
}

@article{holland2013right,
  title={RIGHT ON CRIME? Conservative Party Politics and" Mano Dura" Policies in El Salvador},
  author={Holland, Alisha C},
  journal={Latin American Research Review},
  pages={44--67},
  year={2013},
  publisher={JSTOR}
}

@phdthesis{loxton2014authoritarian,
  title={Authoritarian inheritance and conservative party-building in Latin America},
  author={Loxton, James Ivor},
  year={2014}
}

@book{inglehart2005modernization,
  title={Modernization, cultural change, and democracy: The human development sequence},
  author={Inglehart, Ronald and Welzel, Christian},
  year={2005},
  publisher={Cambridge University Press}
}

@article{sullivan1999psychological,
  title={The psychological underpinnings of democracy: A selective review of research on political tolerance, interpersonal trust, and social capital},
  author={Sullivan, John L and Transue, John E},
  journal={Annual review of psychology},
  volume={50},
  number={1},
  pages={625--650},
  year={1999},
  publisher={Annual Reviews 4139 El Camino Way, PO Box 10139, Palo Alto, CA 94303-0139, USA}
}

@article{hegre2001toward,
  title={Toward a democratic civil peace? Democracy, political change, and civil war, 1816--1992},
  author={Hegre, H{\aa}vard},
  journal={American political science review},
  volume={95},
  number={1},
  pages={33--48},
  year={2001},
  publisher={Cambridge University Press}
}

@article{hamilton1976illusory,
  title={Illusory correlation in interpersonal perception: A cognitive basis of stereotypic judgments},
  author={Hamilton, David L and Gifford, Robert K},
  journal={Journal of Experimental Social Psychology},
  volume={12},
  number={4},
  pages={392--407},
  year={1976},
  publisher={Elsevier}
}

@article{cano2010racial,
  title={Racial bias in police use of lethal force in Brazil},
  author={Cano, Ign{\'a}cio},
  journal={Police Practice and Research: An International Journal},
  volume={11},
  number={1},
  pages={31--43},
  year={2010},
  publisher={Taylor \& Francis}
}

@book{waiselfisz2016mapa,
  title={Mapa da viol{\^e}ncia 2016: homic{\'\i}dios por armas de fogo},
  author={Waiselfisz, Julio Jacobo},
  year={2016},
  publisher={Secretaria Nacional de Juventude}
}

@book{cerqueira2018atlas,
  title={Atlas da viol{\^e}ncia 2018},
  author={Cerqueira, Daniel Coordenador and Lima, Renato Sergio de and Bueno, Samira and Neme, Cristina and Ferreira, Helder and Coelho, Danilo and Alves, Paloma Palmieri and Pinheiro, Marina and Astolfi, Roberta and Marques, David and others},
  year={2018},
  publisher={Instituto de Pesquisa Econ{\^o}mica Aplicada (Ipea)}
}

@book{chioda2017stop,
  title={Stop the Violence in Latin America: A look at prevention from cradle to adulthood},
  author={Chioda, Laura},
  year={2017},
  publisher={The World Bank}
}

@article{jost2003social,
  title={Social inequality and the reduction of ideological dissonance on behalf of the system: Evidence of enhanced system justification among the disadvantaged},
  author={Jost, John T and Pelham, Brett W and Sheldon, Oliver and Ni Sullivan, Bilian},
  journal={European journal of social psychology},
  volume={33},
  number={1},
  pages={13--36},
  year={2003},
  publisher={Wiley Online Library}
}

@article{miller1963constituency,
  title={Constituency influence in Congress},
  author={Miller, Warren E and Stokes, Donald E},
  journal={American political science review},
  volume={57},
  number={1},
  pages={45--56},
  year={1963},
  publisher={Cambridge University Press}
}

@book{downs1957economic,
  title={An economic theory of democracy},
  author={Downs, Anthony},
  year={1957},
  publisher={New York}
}

@article{stone2010candidate,
  title={Candidate valence and ideological positions in US House elections},
  author={Stone, Walter J and Simas, Elizabeth N},
  journal={American Journal of Political Science},
  volume={54},
  number={2},
  pages={371--388},
  year={2010},
  publisher={Wiley Online Library}
}

@article{curini2015conditional,
  title={The conditional ideological inducement to campaign on character valence issues in multiparty systems: the case of corruption},
  author={Curini, Luigi},
  journal={Comparative Political Studies},
  volume={48},
  number={2},
  pages={168--192},
  year={2015},
  publisher={Sage Publications Sage CA: Los Angeles, CA}
}

@book{garland2012culture,
  title={The culture of control: Crime and social order in contemporary society},
  author={Garland, David},
  year={2012},
  publisher={University of Chicago Press}
}

@article{greer2018breaking,
  title={Breaking bad news: Penal populism, tabloid adversarialism and Brexit},
  author={Greer, Chris and Mclaughlin, Eugene},
  journal={The Political Quarterly},
  volume={89},
  number={2},
  pages={206--216},
  year={2018},
  publisher={Wiley Online Library}
}

@article{bonner2018media,
  title={Media and Punitive Populism in A rgentina and C hile},
  author={Bonner, Michelle D},
  journal={Bulletin of Latin American Research},
  volume={37},
  number={3},
  pages={275--290},
  year={2018},
  publisher={Wiley Online Library}
}

@article{nicol2007right,
  title={Right-wing authoritarianism and social dominance orientation in a Canadian military sample},
  author={Nicol, Adelheid AM and Charbonneau, Danielle and Boies, Kathleen},
  journal={Military Psychology},
  volume={19},
  number={4},
  pages={239--257},
  year={2007},
  publisher={Taylor \& Francis}
}

@misc{berlatto2015candidatos,
  title={Candidatos policiais na pol{\'\i}tica nacional: uma an{\'a}lise dos aspirantes a deputado federal},
  author={Berlatto, F{\'a}bia and Codato, Adriano},
  year={2015}
}

@article{berlatto2016policia,
  title={Da pol{\'\i}cia {\`a} pol{\'\i}tica: explicando o perfil dos candidatos das for{\c{c}}as repressivas de Estado {\`a} C{\^a}mara dos Deputados},
  author={Berlatto, F{\'a}bia and Codato, Adriano and Bolognesi, Bruno},
  journal={Revista Brasileira de Ci{\^e}ncia Pol{\'\i}tica},
  number={21},
  pages={77--120},
  year={2016}
}

@article{faganello2017voto,
  title={O voto na bancada da bala: estudo de geografia eleitoral na cidade de S{\~a}o Paulo (2012/2016)},
  author={Faganello, Marco Antonio},
  year={2017},
  publisher={Dissertaç{\~a}o de Mestrado}
}

@article{faganellobancada,
  title={Bancada da Bala: uma onda na mar{\'e} conservadora},
  author={Faganello, Marco Antonio},
  journal={Direita, volver},
  pages={145--161},
   year={2015}
}

@book{mosca1896elementi,
  title={Elementi di scienza politica},
  author={Mosca, Gaetano},
  volume={2},
  year={1896},
  publisher={Fratelli Bocca}
}

@book{pareto1916trattato,
  title={Trattato di sociologia generale...},
  author={Pareto, Vilfredo},
  volume={2},
  year={1916},
  publisher={G. Barb{\`e}ra}
}

@book{michel1915political
,	title	= {Political parties: A sociological study of the oligarchical tendencies of modern democracy}
,	author	= {Michel, Robert}
,	year	= {1915}
,	publisher	= {Hearst's International Library Co.}
}

@book{bourdieu1979ladistinction
,	year	= {1979}
,	title	= {La distinction : critique sociale du jugement}
,	address	= {Paris}
,	publisher	= {\'Editions de Minuit}
,	pages	= {670}
,	author	= {Bourdieu, Pierre}
}

@phdthesis{novello2018bancada,
  title={$\backslash$'Bancada da Bala$\backslash$': discursos e pr{\'a}ticas sobre puni{\c{c}}{\~a}o, crime e inseguran{\c{c}}a na Assembleia Legislativa de S{\~a}o Paulo},
  author={Novello, Roberta Heleno},
  year={2018},
  school={Universidade de S{\~a}o Paulo}
}

@article{montalvo2009you,
  title={Do you trust your Armed Forces?},
  author={Montalvo, Daniel},
  journal={Americas Barometer Insights},
  volume={27},
  pages={1--5},
  year={2009}
}

@article{russo2018confiancca,
  title={Confian{\c{c}}a nas institui{\c{c}}{\~o}es pol{\'\i}ticas: diferen{\c{c}}as e interdepend{\^e}ncia nas opini{\~o}es de jovens e popula{\c{c}}{\~a}o brasileira},
  author={Russo, Guilherme A and Azzi, Roberta Gurgel and Faveri, Charlene},
  journal={Opini{\~a}o P{\'u}blica},
  volume={24},
  number={2},
  pages={365--404},
  year={2018},
  publisher={SciELO Brasil}
}

@misc{datafolha2018regime,
 author = {Data Folha},
 editor = {{UOL}},
 title = {50{\%} dos eleitores avaliam que Brasil pode enfrentar nova ditadura},
 url = {http://datafolha.folha.uol.com.br/opiniaopublica/2018/10/1983452-50-dos-eleitores-avaliam-que-brasil-pode-enfrentar-nova-ditadura.shtml},
 year = {2018},
 note = "[Online; publicado em 19-Outubro-2018]"
}

@misc{phillips2018breathtaking,
 author = {Tom Phillips},
 editor = {{The Guardian}},
 title = {'Breathtaking homicidal violence': Latin America in grip of murder crisis },
 url = {https://www.theguardian.com/world/2018/apr/26/latin-america-murder-crisis-violence-homicide-report},
 year = {2018},
 note = "[Online; publicado em 26-Abril-2018]"
}




@article{reis2015race,
  title={Race discrimination in Brazil: an analysis of the age, period and cohort effects},
  author={Reis, Maur{\'\i}cio Cortez and Crespo, Anna Risi Vianna},
  year={2015},
  publisher={Instituto de Pesquisa Econ{\^o}mica Aplicada (Ipea)}
}

@article{telles1998does,
  title={Does it matter who answers the race question? Racial classification and income inequality in Brazil},
  author={Telles, Edward E and Lim, Nelson},
  journal={Demography},
  volume={35},
  number={4},
  pages={465--474},
  year={1998},
  publisher={Springer}
}

@article{botelho2015racial,
  title={Racial discrimination in grading: Evidence from Brazil},
  author={Botelho, Fernando and Madeira, Ricardo A and Rangel, Marcos A},
  journal={American Economic Journal: Applied Economics},
  volume={7},
  number={4},
  pages={37--52},
  year={2015}
}

@article{de42cor,
  title={Cor e Status Marital no Brasil},
  author={de Aquino, Jakson Alves},
  journal={Revista de Ci{\^e}ncias Sociais},
  volume={42},
  number={2},
  pages={75--90}
}

@book{cerqueira2014causas,
  title={Causas e consequ{\^e}ncias do crime no Brasil},
  author={Cerqueira, Daniel Ricardo de Castro},
  year={2014},
  publisher={Banco Nacional de Desenvolvimento Econ{\^o}mico e Social}
}

@book{secretaria2018crime,
  title={Custos Econ{\^o}micos da Criminalidade no Brasil},
  author={Secretaria Especial de Assuntos Estratégicos},
  year={2018},
  publisher={Secretaria-Geral da Presidência da República}
}

@article{netto2017dinheiro,
  title={O dinheiro importa menos para os candidatos evang{\'e}licos?},
  author={Netto, Gabriela Figueiredo and Speck, Bruno Wilhelm},
  journal={Opini{\'u}o P{\'u}blica},
  volume={23},
  number={3},
  pages={809--836},
  year={2017}
}

@TECHREPORT {fbsp2017medo,
    author      = "F{\'o}rum Brasileiro de Segurança P{\'u}blica",
    title       = "Medo da Viol{\^e}ncia e o Apoio ao Autoritarismo no Brasil",
    institution = "Medo da Viol{\^e}ncia e o Apoio ao Autoritarismo no Brasil",
    year        = "2017",
    address     = "S{\'u}o Paulo"
}

@ARTICLE {kyle2018populists,
    author  = "Jordan Kyle and Limor Gultchin",
    title   = "Populists in Power Around the World",
    journal = "Tony Blair Institut for Global Change",
    year    = "2018"
}

@article{hunter2019bolsonaro,
  title={Bolsonaro and Brazil's Illiberal Backlash},
  author={Hunter, Wendy and Power, Timothy J},
  journal={Journal of Democracy},
  volume={30},
  number={1},
  pages={68--82},
  year={2019},
  publisher={Johns Hopkins University Press}
}

@article{foa2016democratic,
  title={The democratic disconnect},
  author={Foa, Roberto Stefan and Mounk, Yascha},
  journal={Journal of democracy},
  volume={27},
  number={3},
  pages={5--17},
  year={2016},
  publisher={Johns Hopkins University Press}
}

@article{foa2017signs,
  title={The signs of deconsolidation},
  author={Foa, Roberto Stefan and Mounk, Yascha},
  journal={Journal of Democracy},
  volume={28},
  number={1},
  pages={5--15},
  year={2017},
  publisher={Johns Hopkins University Press}
}


@article{norris2017western,
  title={Is Western democracy backsliding? Diagnosing the risks},
  journal={Journal of Democracy Web Exchange},
  author={Norris, Pippa},
  year={2017}
}

@article{foa2017end,
  title={The end of the consolidation paradigm},
  author={Foa, R and Mounk, Yascha},
  year={2017},
  journal={Journal of Democracy Web Exchange}
}

@article{glasius2018authoritarianism,
  title={What authoritarianism is… and is not: a practice perspective},
  author={Glasius, Marlies},
  journal={International Affairs},
  volume={94},
  number={3},
  pages={515--533},
  year={2018},
  publisher={Oxford University Press}
}

@book{mudde2009populist,
  title={Populist radical right parties in Europe},
  author={Mudde, Cas},
  year={2009},
  publisher={Cambridge University Press Cambridge}
}

@article{rydgren2007sociology,
  title={The sociology of the radical right},
  author={Rydgren, Jens},
  journal={Annu. Rev. Sociol.},
  volume={33},
  pages={241--262},
  year={2007},
  publisher={Annual Reviews}
}

@book{norris2005radical,
  title={Radical right: Voters and parties in the electoral market},
  author={Norris, Pippa and others},
  year={2005},
  publisher={Cambridge University Press}
}

@article{caiani2017radical,
  title={Radical right-wing movements: Who, when, how, and why?},
  author={Caiani, Manuela},
  journal={Sociopedia. isa},
  pages={1--15},
  year={2017}
}

@article{smith2015advances,
  title={Advances in relative deprivation theory and research},
  author={Smith, Heather J and Pettigrew, Thomas F},
  journal={Social Justice Research},
  volume={28},
  number={1},
  pages={1--6},
  year={2015},
  publisher={Springer}
}

@article{burgoon2018radical,
  title={Radical right populism and the role of positional deprivation and inequality},
  author={Burgoon, Brian and van Noort, Sam and Rooduijn, Matthijs and Underhill, Geoffrey and others},
  journal={Economic Policy. Epub ahead of print. Available at: https://ideas. repec. org/p/lis/liswps/733. html},
  year={2018}
}

@article{elchardus2016populism,
  title={Populism, persistent republicanism and declinism: An empirical analysis of populism as a thin ideology},
  author={Elchardus, Mark and Spruyt, Bram},
  journal={Government and Opposition},
  volume={51},
  number={1},
  pages={111--133},
  year={2016},
  publisher={Cambridge University Press}
}

@book{united2013global,
  title={Global study on homicide 2013: trends, contexts, data},
  author={UNODC},
  year={2013},
  publisher={UNODC}
}

@book{united2019global,
  title={Global study on homicide 2013: homicide trends, patterns and criminal justice response},
  author={UNODC},
  year={2019},
  publisher={UNODC}
}

@misc{muggah2018mano,
  title={Mano Dura: the costs and benefits of repressive criminal justice for young people in Latin America},
  author={Muggah, Robert and Garz{\'o}n, Juan Carlos and Su{\'a}rez, Manuela},
  year={2018},
  publisher={Rio de Janeiro: Igarap{\'e} Institute. https://igarape. org. br/wp-content~…}
}

@article{gomes2018violencia,
  title={Viol{\^e}ncia e satisfa{\c{c}}{\~a}o com a democracia no Brasil},
  author={Gomes, Marcio de Lucas and Aquino, Jakson Alves de},
  journal={Opini{\~a}o P{\'u}blica},
  volume={24},
  number={1},
  pages={209--238},
  year={2018},
  publisher={SciELO Brasil}
}

@article{malone2013does,
  title={Does crime undermine public support for democracy? Findings from the case of Mexico},
  author={Malone, Mary Fran T},
  journal={The Latin Americanist},
  volume={57},
  number={2},
  pages={17--44},
  year={2013},
  publisher={The University of North Carolina Press}
}

@book{putnam1994making,
  title={Making democracy work: Civic traditions in modern Italy},
  author={Putnam, Robert D and Leonardi, Robert and Nanetti, Raffaella Y},
  year={1994},
  publisher={Princeton university press}
}

@article{corbacho2015crime,
  title={Crime and erosion of trust: Evidence for Latin America},
  author={Corbacho, Ana and Philipp, Julia and Ruiz-Vega, Mauricio},
  journal={World Development},
  volume={70},
  pages={400--415},
  year={2015},
  publisher={Elsevier}
}

@article{ahnen2007politics,
  title={The politics of police violence in democratic Brazil},
  author={Ahnen, Ronald E},
  journal={Latin American Politics and Society},
  volume={49},
  number={1},
  pages={141--164},
  year={2007},
  publisher={Wiley Online Library}
}

@article{vilanova2018adaptaccao,
  title={Adapta{\c{c}}{\~a}o transcultural e estrutura fatorial da vers{\~a}o brasileira da escala Right-Wing Authoritarianism},
  author={Vilanova, Felipe and De Sousa, Diogo Ara{\'u}jo and Koller, Silvia Helena and Costa, Angelo Brandelli},
  journal={Trends in Psychology/Temas em Psicologia},
  volume={26},
  number={3},
  pages={1299--1316},
  year={2018},
  publisher={Sociedade Brasileira de Psicologia}
}

@article{rokeach1956political,
  title={Political and religious dogmatism: An alternative to the authoritarian personality.},
  author={Rokeach, Milton},
  journal={Psychological Monographs: General and Applied},
  volume={70},
  number={18},
  pages={1},
  year={1956},
  publisher={American Psychological Association}
}

@article{johnson2011mediational,
  title={A mediational analysis of the role of right-wing authoritarianism and religious fundamentalism in the religiosity--prejudice link},
  author={Johnson, Megan K and Rowatt, Wade C and Barnard-Brak, Lucy M and Patock-Peckham, Julie A and LaBouff, Jordan P and Carlisle, Robert D},
  journal={Personality and Individual Differences},
  volume={50},
  number={6},
  pages={851--856},
  year={2011},
  publisher={Elsevier}
}

@article{marques2014congressmen,
  title={Congressmen in the age of social network sites: Brazilian representatives and Twitter use},
  author={Marques, Francisco Paulo Jamil Almeida and de Aquino, Jakson Alves and Miola, Edna},
  journal={First Monday},
  volume={19},
  number={5},
  year={2014}
}

@techreport{cerqueira2016armas,
  title={Armas de fogo e suic{\'\i}dios},
  author={Cerqueira, Daniel and Coelho, Danilo Santa Cruz and Fernandes, Marcelo and Pinto Junior, Jony},
  year={2016},
  institution={Texto para Discuss{\~a}o}
}

@article{sacchet2012dinheiro,
  title={Dinheiro e sexo na pol{\'\i}tica brasileira: financiamento de campanha e desempenho eleitoral em cargos legislativos},
  author={Sacchet, Teresa and Speck, Bruno},
  year={2012},
  publisher={Associa{\c{c}}{\~a}o Brasileira de Ci{\^e}ncia Pol{\'\i}tica}
}

@article{lemos2010porque,
  title={Porque dinheiro importa: a din{\^a}mica das contribui{\c{c}}{\~o}es eleitorais para o Congresso Nacional em 2002 e 2006},
  author={Lemos, Leany Barreiro and Marcelino, Daniel and Pederiva, Jo{\~a}o Henrique},
  journal={Opini{\~a}o p{\'u}blica},
  volume={16},
  number={2},
  pages={366--393},
  year={2010},
  publisher={SciELO Brasil}
}


@article{sacchet2012financiamento,
  title={Financiamento eleitoral, representa{\c{c}}{\~a}o pol{\'\i}tica e g{\^e}nero: uma an{\'a}lise das elei{\c{c}}{\~o}es de 2006},
  author={Sacchet, Teresa and Speck, Bruno Wilhelm},
  journal={Opini{\~a}o P{\'u}blica},
  volume={18},
  number={1},
  pages={177--197},
  year={2012},
  publisher={SciELO Brasil}
}

@article{carneiro2008definindo,
  title={Definindo a arena pol{\'\i}tica local: sistemas partid{\'a}rios municipais na federa{\c{c}}{\~a}o brasileira},
  author={Carneiro, Leandro Piquet and Almeida, Maria Herm{\'\i}nia Tavares de and others},
  journal={Dados: revista de Ciencias Sociais},
  volume={51},
  number={2},
  pages={403--432},
  year={2008},
  publisher={IUPERJ-Instituto Universit{\'a}rio de Pesquisas do Rio de Janeiro}
}

@article{limongi2010eleiccoes,
  title={As elei{\c{c}}{\~o}es de 2010 e o quadro partid{\'a}rio},
  author={Limongi, Fernando and Cortez, Rafael},
  journal={Novos estudos-CEBRAP},
  number={88},
  pages={21--37},
  year={2010},
  publisher={SciELO Brasil}
}

@article{tu2008simpson,
  title={Simpson's Paradox, Lord's Paradox, and Suppression Effects are the same phenomenon--the reversal paradox},
  author={Tu, Yu-Kang and Gunnell, David and Gilthorpe, Mark S},
  journal={Emerging themes in epidemiology},
  volume={5},
  number={1},
  pages={2},
  year={2008},
  publisher={BioMed Central}
}

@book{wooldridge2010econometric,
  title={Econometric analysis of cross section and panel data},
  author={Wooldridge, Jeffrey M},
  year={2010},
  publisher={MIT press}
}

@article{justus2016misterio,
  title={O “Mist{\'e}rio de S{\~a}o Paulo” e o Papel do PCC na redu{\c{c}}{\~a}o de homic{\'\i}dios nos anos 2000},
  author={Justus, Marcelo and Kahn, Tulio and Cerqueira, Daniel},
  journal={Texto para discuss{\~a}o. Campinas: Instituto de Economia, Unicamp},
  year={2016}
}

@TECHREPORT {cano2008analise,
    author      = "Ign{\'a}cio Cano and Alberto Alvadia",
    title       = "An{\'a}lise dos impactos dos ataques do PCC em S{\~a}o Paulo em maio de 2006",
    institution = "LAV-UERJ",
    year        = "2008",
    type        = "Relat{\'o}rio Final de Pesquisa",
    address     = "RIo de Janeiro"
}

@article{adorno2007criminalidade,
  title={Criminalidade organizada nas pris{\~o}es e os ataques do PCC},
  author={Adorno, S{\'e}rgio and Salla, Fernando},
  journal={Estudos avan{\c{c}}ados},
  volume={21},
  number={61},
  pages={7--29},
  year={2007},
  publisher={SciELO Brasil}
}

@ARTICLE {globo2006lembo,
    author  = "Globo",
    title   = "Lembo fala em morte de inocentes, mas não admite matança",
    journal = "Gazeta do Povo",
    year    = "2006",
    month   = "may"
}

@book{box2008oxford,
  title={The Oxford handbook of political methodology},
  author={Box-Steffensmeier, Janet M and Brady, Henry E and Collier, David},
  volume={10},
  year={2008},
  publisher={Oxford Handbooks of Political}
}

@article{adorno2007criminalidade,
  title={Criminalidade organizada nas pris{\~o}es e os ataques do PCC},
  author={Adorno, S{\'e}rgio and Salla, Fernando},
  journal={Estudos avan{\c{c}}ados},
  volume={21},
  number={61},
  pages={7--29},
  year={2007},
  publisher={SciELO Brasil}
}

@article{cerqueira2007analise,
  title={An{\'a}lise dos custos e conseq{\"u}{\^e}ncias da viol{\^e}ncia no Brasil},
  author={Cerqueira, Daniel RC and Carvalho, Alexandre XY and Lob{\~a}o, Waldir JA and Rodrigues, Rute I},
  year={2007},
  publisher={Instituto de Pesquisa Econ{\^o}mica Aplicada (IPEA)}
}

@article{carvalhaes2014impactos,
  title={Os impactos da gera{\c{c}}{\~a}o de empregos sobre as desigualdades de renda: uma an{\'a}lise da d{\'e}cada de 2000},
  author={Carvalhaes, Flavio Alex de Oliveira and Barbosa, Rog{\'e}rio Jer{\^o}nimo and de Souza, Pedro Herculano GF and Ribeiro, Carlos Ant{\^o}nio Costa},
  journal={Revista Brasileira de Ci{\^e}ncias Sociais},
  volume={29},
  number={85},
  pages={79--98},
  year={2014},
  publisher={SciELO Brasil}
}

@article{western20099,
  title={Variance function regressions for studying inequality},
  author={Western, Bruce and Bloome, Deirdre},
  journal={Sociological Methodology},
  volume={39},
  number={1},
  pages={293--326},
  year={2009},
  publisher={SAGE Publications Sage CA: Los Angeles, CA}
}

@article{imai2010identification,
  title={Identification, inference and sensitivity analysis for causal mediation effects},
  author={Imai, Kosuke and Keele, Luke and Yamamoto, Teppei},
  journal={Statistical science},
  pages={51--71},
  year={2010},
  publisher={JSTOR}
}

@article{imai2010general,
  title={A general approach to causal mediation analysis.},
  author={Imai, Kosuke and Keele, Luke and Tingley, Dustin},
  journal={Psychological methods},
  volume={15},
  number={4},
  pages={309},
  year={2010},
  publisher={American Psychological Association}
}

@article{heckman1979sample,
  title={Sample selection bias as a specification error},
  author={Heckman, James J},
  journal={Econometrica: Journal of the econometric society},
  pages={153--161},
  year={1979},
  publisher={JSTOR}
}

@article{lee2009training,
  title={Training, wages, and sample selection: Estimating sharp bounds on treatment effects},
  author={Lee, David S},
  journal={The Review of Economic Studies},
  volume={76},
  number={3},
  pages={1071--1102},
  year={2009},
  publisher={Wiley-Blackwell}
}

@article{kurlantzick2011great,
  title={The great democracy meltdown},
  author={Kurlantzick, Joshua},
  journal={New Republic},
  volume={242},
  number={8},
  pages={12--15},
  year={2011},
  publisher={NEW REPUBLIC INC 1331 H STREET, NW STE 700, WASHINGTON, DC 20005 USA}
}

@book{kurlantzick2013democracy,
  title={Democracy in retreat: the revolt of the middle class and the worldwide decline of representative government},
  author={Kurlantzick, Joshua},
  year={2013},
  publisher={Yale University Press}
}

@article{diamond2015facing,
  title={Facing up to the democratic recession},
  author={Diamond, Larry},
  journal={Journal of Democracy},
  volume={26},
  number={1},
  pages={141--155},
  year={2015},
  publisher={Johns Hopkins University Press}
}

@article{levitsky2006linkage,
  title={Linkage versus leverage. Rethinking the international dimension of regime change},
  author={Levitsky, Steven and Way, Lucan A},
  journal={Comparative Politics},
  pages={379--400},
  year={2006},
  publisher={JSTOR}
}

@article{levitsky2015myth,
  title={The myth of democratic recession},
  author={Levitsky, Steven and Way, Lucan},
  journal={Journal of Democracy},
  volume={26},
  number={1},
  pages={45--58},
  year={2015},
  publisher={Johns Hopkins University Press}
}

@article{norris2017western,
  title={Is Western democracy backsliding? Diagnosing the risks},
  journal={Journal of Democracy Web Exchange},
  author={Norris, Pippa},
  year={2017}
}

@article{voeten2016people,
  title={Are people really turning away from democracy?},
  journal={Journal of Democracy Web Exchange},
  author={Voeten, Erik},
  year={2016}
}

@article{alexander2017myth,
  title={The myth of deconsolidation: Rising liberalism and the populist reaction},
  author={Alexander, Amy C and Welzel, Christian},
  year={2017},
  journal={Journal of Democracy Web Exchange}
}

@article{svolik2015democracies,
  title={Which democracies will last? Coups, incumbent takeovers, and the dynamic of democratic consolidation},
  author={Svolik, Milan W},
  journal={British Journal of Political Science},
  volume={45},
  number={4},
  pages={715--738},
  year={2015},
  publisher={Cambridge University Press}
}

@article{svolik2008authoritarian,
  title={Authoritarian reversals and democratic consolidation},
  author={Svolik, Milan},
  journal={American Political Science Review},
  volume={102},
  number={2},
  pages={153--168},
  year={2008},
  publisher={Cambridge University Press}
}

@article{dalton2008citizenship,
  title={Citizenship norms and the expansion of political participation},
  author={Dalton, Russell J},
  journal={Political studies},
  volume={56},
  number={1},
  pages={76--98},
  year={2008},
  publisher={SAGE Publications Sage UK: London, England}
}

@book{dalton2002parties,
  title={Parties without partisans: Political change in advanced industrial democracies},
  author={Dalton, Russell J and Wattenberg, Martin P},
  year={2002},
  publisher={Oxford University Press on Demand}
}

@article{whiteley2011party,
  title={Is the party over? The decline of party activism and membership across the democratic world},
  author={Whiteley, Paul F},
  journal={Party Politics},
  volume={17},
  number={1},
  pages={21--44},
  year={2011},
  publisher={SAGE Publications Sage UK: London, England}
}

@article{greskovits2007economic,
  title={Economic woes and political disaffection},
  author={Greskovits, B{\'e}la},
  journal={Journal of Democracy},
  volume={18},
  number={4},
  pages={40--46},
  year={2007},
  publisher={Johns Hopkins University Press}
}

@book{norris2011democratic,
  title={Democratic deficit: Critical citizens revisited},
  author={Norris, Pippa},
  year={2011},
  publisher={Cambridge University Press}
}

@book{dalton2014civic,
  title={The civic culture transformed: From allegiant to assertive citizens},
  author={Dalton, Russell J and Welzel, Christian},
  year={2014},
  publisher={Cambridge University Press}
}

@book{bartels2016unequal,
  title={Unequal democracy: The political economy of the new gilded age},
  author={Bartels, Larry M},
  year={2016},
  publisher={Princeton University Press}
}

@book{mounk2018people,
  title={The people vs. democracy: Why our freedom is in danger and how to save it},
  author={Mounk, Yascha},
  year={2018},
  publisher={Harvard University Press}
}

@book{perez2007presidential,
  title={Presidential impeachment and the new political instability in Latin America},
  author={P{\'e}rez-Li{\~n}{\'a}n, An{\'\i}bal},
  year={2007},
  publisher={Cambridge University Press}
}

@book{odonnell1972modernizacion, 
title={Modernizaci{\'e}n y autoritarismo}, 
publisher={Paid{\'e}s}, 
author={ODonnell, Guillermo A.}, 
year={1972}
} 

@article{perez2017explaining,
  title={Explaining military coups and impeachments in Latin America},
  author={P{\'e}rez-Li{\~n}{\'a}n, An{\'\i}bal and Polga-Hecimovich, John},
  journal={Democratization},
  volume={24},
  number={5},
  pages={839--858},
  year={2017},
  publisher={Taylor \& Francis}
}

@article{campello2016presidential,
  title={Presidential success and the world economy},
  author={Campello, Daniela and Zucco Jr, Cesar},
  journal={The Journal of Politics},
  volume={78},
  number={2},
  pages={589--602},
  year={2016},
  publisher={University of Chicago Press Chicago, IL}
}

@book{achen2017democracy,
  title={Democracy for realists: Why elections do not produce responsive government},
  author={Achen, Christopher H and Bartels, Larry M},
  volume={4},
  year={2017},
  publisher={Princeton University Press}
}

@article{iyengar2018origins,
  title={The origins and consequences of affective polarization in the United States},
  author={Iyengar, Shanto and Lelkes, Yphtach and Levendusky, Matthew and Malhotra, Neil and Westwood, Sean J},
  journal={Annual Review of Political Science},
  year={2018},
  publisher={Annual Reviews}
}

@ARTICLE {mounk2018thepopulist,
    author  = "Jordan Kyle and Yascha Mounk",
    title   = "The Populist Harm to Democracy: An Empirical Assessment",
    journal = "Tony Blair Institut for Global Change",
    year    = "2018"
}

@incollection{mudde2016introduction,
  title={Introduction	to	the	populist	radical	right},
  author={Cas Mudde},
  booktitle={The Populist Radical Right},
  pages={22--35},
  year={2016},
  publisher={Routledge}
}

@article{mudde2010populist,
  title={The populist radical right: A pathological normalcy},
  author={Mudde, Cas},
  journal={West European Politics},
  volume={33},
  number={6},
  pages={1167--1186},
  year={2010},
  publisher={Taylor \& Francis}
}

@article{mudde2017ideational,
  title={An ideational approach},
  author={Mudde, Cas},
  journal={The Oxford handbook of populism},
  pages={27},
  year={2017},
  publisher={Oxford University Press}
}

@book{muller2017populism,
  title={What is populism?},
  author={M{\"u}ller, Jan-Werner},
  year={2017},
  publisher={Penguin UK}
}

@ARTICLE {kyle2018populists,
    author  = "Jordan Kyle and Limor Gultchin",
    title   = "Populists in Power Around the World",
    journal = "Tony Blair Institut for Global Change",
    year    = "2018"
}

@article{seligson2007rise,
  title={The rise of populism and the left in Latin America},
  author={Seligson, Mitchell A},
  journal={journal of Democracy},
  volume={18},
  number={3},
  pages={81--95},
  year={2007},
  publisher={Johns Hopkins University Press}
}

@article{mudde2013exclusionary,
  title={Exclusionary vs. inclusionary populism: Comparing contemporary Europe and Latin America},
  author={Mudde, Cas and Kaltwasser, Crist{\'o}bal Rovira},
  journal={Government and Opposition},
  volume={48},
  number={2},
  pages={147--174},
  year={2013},
  publisher={Cambridge University Press}
}

@article{holland2013right,
  title={RIGHT ON CRIME? Conservative Party Politics and" Mano Dura" Policies in El Salvador},
  author={Holland, Alisha C},
  journal={Latin American Research Review},
  pages={44--67},
  year={2013},
  publisher={JSTOR}
}

@phdthesis{loxton2014authoritarian,
  title={Authoritarian inheritance and conservative party-building in Latin America},
  author={Loxton, James Ivor},
  year={2014}
}

@article{booth1984political,
  title={The political culture of authoritarianism in Mexico: a reexamination},
  author={Booth, John A and Seligson, Mitchell A},
  journal={Latin American Research Review},
  volume={19},
  number={1},
  pages={106--124},
  year={1984},
  publisher={JSTOR}
}

@article{seligson2005feeding,
  title={Feeding the Hand that Bit You: Voting for Ex-authoritarian Rulers in Russia and Bolivia.},
  author={Seligson, Amber L and Tucker, Joshua A},
  journal={Demokratizatsiya},
  volume={13},
  number={1},
  year={2005},
  publisher={Citeseer}
}

@article{seligson2003democracies,
  title={When democracies elect dictators: Motivations for and impact of the election of former authoritarians in Argentina and Bolivia.},
  author={Seligson, Amber Lara},
  year={2003}
}

@book{norris2019cultural,
  title={Cultural backlash: Trump, Brexit, and authoritarian populism},
  author={Norris, Pippa and Inglehart, Ronald},
  year={2019},
  publisher={Cambridge University Press}
}

@book{altemeyer1996authoritarian,
  title={The authoritarian specter},
  author={Altemeyer, Robert A and Altemeyer, Bob},
  year={1996},
  publisher={Harvard University Press}
}

@phdthesis{moreira2016palavra,
  title={Com a palavra os nobres deputados: frequ{\^e}ncia e {\^e}nfase tem{\'a}tica dos discursos dos parlamentares brasileiros},
  author={Moreira, Davi Cordeiro},
  year={2016},
  school={Universidade de S{\~a}o Paulo}
}

@article{batista2016mensurando,
  title={Mensurando Sali{\^e}ncia: uma medida com base em {\^e}nfase na agenda legislativa do Brasil (1995--2014)},
  author={Batista, Mariana and Vieira, Bhreno},
  journal={Primeira Vers{\~a}o. Manuscrito apresentado para X ABCP},
  year={2016}
}


@article{oliver2016rise,
  title={Rise of the Trumpenvolk: Populism in the 2016 Election},
  author={Oliver, J Eric and Rahn, Wendy M},
  journal={The ANNALS of the American Academy of Political and Social Science},
  volume={667},
  number={1},
  pages={189--206},
  year={2016},
  publisher={SAGE Publications Sage CA: Los Angeles, CA}
}

@article{rooduijn2011measuring,
  title={Measuring populism: Comparing two methods of content analysis},
  author={Rooduijn, Matthijs and Pauwels, Teun},
  journal={West European Politics},
  volume={34},
  number={6},
  pages={1272--1283},
  year={2011},
  publisher={Taylor \& Francis}
}

@article{aslanidis2018measuring,
  title={Measuring populist discourse with semantic text analysis: an application on grassroots populist mobilization},
  author={Aslanidis, Paris},
  journal={Quality \& Quantity},
  volume={52},
  number={3},
  pages={1241--1263},
  year={2018},
  publisher={Springer}
}

@article{vargo2017socioeconomic,
  title={Socioeconomic status, social capital, and partisan polarity as predictors of political incivility on Twitter: A congressional district-level analysis},
  author={Vargo, Chris J and Hopp, Toby},
  journal={Social Science Computer Review},
  volume={35},
  number={1},
  pages={10--32},
  year={2017},
  publisher={SAGE Publications Sage CA: Los Angeles, CA}
}

@article{neuman2012proactive,
  title={Proactive screening for depression through metaphorical and automatic text analysis},
  author={Neuman, Yair and Cohen, Yohai and Assaf, Dan and Kedma, Gabbi},
  journal={Artificial intelligence in medicine},
  volume={56},
  number={1},
  pages={19--25},
  year={2012},
  publisher={Elsevier}
}

@inproceedings{kang2016identifying,
  title={Identifying depressive users in Twitter using multimodal analysis},
  author={Kang, Keumhee and Yoon, Chanhee and Kim, Eun Yi},
  booktitle={2016 International Conference on Big Data and Smart Computing (BigComp)},
  pages={231--238},
  year={2016},
  organization={IEEE}
}

@article{schumpeter1942capitalism,
  title={Capitalism, socialism, and democracy},
  author={Schumpeter, Joseph Alois and others},
  year={1942},
  publisher={Harper}
}

@article{lipset1993reflections,
  title={Reflections on capitalism, socialism \& democracy},
  author={Lipset, Seymour Martin},
  journal={Journal of Democracy},
  volume={4},
  number={2},
  pages={43--55},
  year={1993},
  publisher={Johns Hopkins University Press}
}


@article{valenzuela2004latin,
  title={Latin American presidencies interrupted},
  author={Valenzuela, Arturo},
  journal={Journal of Democracy},
  volume={15},
  number={4},
  pages={5--19},
  year={2004},
  publisher={Johns Hopkins University Press}
}

@book{altemeyer2006authoritarians,
  title={The authoritarians},
  author={Altemeyer, Bob},
  year={2006},
  publisher={University of Manitoba Press}
}

@book{coleman1994foundations,
  title={Foundations of social theory},
  author={Coleman, James S},
  year={1994},
  publisher={Harvard university press}
}

@article{geddes1989sources,
  title={Sources of popular support for authoritarian regimes},
  author={Geddes, Barbara and Zaller, John},
  journal={American Journal of Political Science},
  pages={319--347},
  year={1989},
  publisher={JSTOR}
}

@article{stein2013unraveling,
  title={The unraveling of support for authoritarianism: The dynamic relationship of media, elites, and public opinion in Brazil, 1972--82},
  author={Stein, Elizabeth A},
  journal={The International Journal of Press/Politics},
  volume={18},
  number={1},
  pages={85--107},
  year={2013},
  publisher={Sage Publications Sage CA: Los Angeles, CA}
}

@article{stevens2006authoritarian,
  title={Authoritarian attitudes, democracy, and policy preferences among Latin American elites},
  author={Stevens, Daniel and Bishin, Benjamin G and Barr, Robert R},
  journal={American Journal of Political Science},
  volume={50},
  number={3},
  pages={606--620},
  year={2006},
  publisher={Wiley Online Library}
}

@article{leets2002experiencing,
  title={Experiencing hate speech: Perceptions and responses to anti-semitism and antigay speech},
  author={Leets, Laura},
  journal={Journal of social issues},
  volume={58},
  number={2},
  pages={341--361},
  year={2002},
  publisher={Wiley Online Library}
}

@article{mullen2004immigrant,
  title={Immigrant suicide rates as a function of ethnophaulisms: Hate speech predicts death},
  author={Mullen, Brian and Smyth, Joshua M},
  journal={Psychosomatic Medicine},
  volume={66},
  number={3},
  pages={343--348},
  year={2004},
  publisher={LWW}
}

@book{foucault1969archeologie,
  title={L'arch{\'e}ologie du savoir},
  author={Foucault, Michel and Kremer-Marietti, Ang{\`e}le},
  volume={1},
  year={1969},
  publisher={Gallimard Paris}
}

@inproceedings{huang2002camera,
  title={Camera angle affects dominance in video-mediated communication},
  author={Huang, Wei and Olson, Judith S and Olson, Gary M},
  booktitle={CHI'02 Extended Abstracts on Human Factors in Computing Systems},
  pages={716--717},
  year={2002},
  organization={ACM}
}

@misc{marx1844okonomisch,
  title={{\"O}konomisch-philosophische Manuskripte aus dem Jahre 1844 or Pariser Manuskripte},
  author={Marx, K},
  journal={Karl Marx. Selected writings},
  year={1844},
  publisher={Oxford University Press Oxford}
}	

@article{elias1939prozess,
  title={{\"U}ber den Proze{\ss} der Zivilisation. Soziogenetische und psychogenetische Untersuchungen.},
  author={Elias, Norbert},
  journal={DERS.(Hrsg.). Gesammelte Schriften Bd},
  year={1939}
}

@article{chase1980social,
  title={Social process and hierarchy formation in small groups: a comparative perspective},
  author={Chase, Ivan D},
  journal={American Sociological Review},
  pages={905--924},
  year={1980},
  publisher={JSTOR}
}

@article{chase2002individual,
  title={Individual differences versus social dynamics in the formation of animal dominance hierarchies},
  author={Chase, Ivan D and Tovey, Craig and Spangler-Martin, Debra and Manfredonia, Michael},
  journal={Proceedings of the National Academy of Sciences},
  volume={99},
  number={8},
  pages={5744--5749},
  year={2002},
  publisher={National Acad Sciences}
}

@article{ridgeway1989dominance,
  title={Dominance and collective hierarchy formation in male and female task groups},
  author={Ridgeway, Cecilia and Diekema, David},
  journal={American Sociological Review},
  pages={79--93},
  year={1989},
  publisher={JSTOR}
}

@article{wirth2006salivary,
  title={Salivary cortisol changes in humans after winning or losing a dominance contest depend on implicit power motivation},
  author={Wirth, Michelle M and Welsh, Kathryn M and Schultheiss, Oliver C},
  journal={Hormones and Behavior},
  volume={49},
  number={3},
  pages={346--352},
  year={2006},
  publisher={Elsevier}
}

@book{sidanius2001social,
  title={Social dominance: An intergroup theory of social hierarchy and oppression},
  author={Sidanius, Jim and Pratto, Felicia},
  year={2001},
  publisher={Cambridge University Press}
}

@article{bakker1983determinants,
  title={Determinants of dominance in male sticklebacks (Gasterosteus aculeatus L.)},
  author={Bakker, Th CM and Sevenster, P},
  journal={Behaviour},
  volume={86},
  number={1-2},
  pages={55--71},
  year={1983},
  publisher={Brill}
}

@article{cote2000dominance,
  title={Dominance hierarchies in female mountain goats: stability, aggressiveness and determinants of rank},
  author={C{\^o}t{\'e}, Steeve},
  journal={Behaviour},
  volume={137},
  number={11},
  pages={1541--1566},
  year={2000},
  publisher={Brill}
}

@article{morgan2000predictors,
  title={Predictors of social status in cynomolgus monkeys (Macaca fascicularis) after group formation},
  author={Morgan, Drake and Grant, Kathleen A and Prioleau, Osric A and Nader, Susan H and Kaplan, Jay R and Nader, Michael A},
  journal={American Journal of Primatology: Official Journal of the American Society of Primatologists},
  volume={52},
  number={3},
  pages={115--131},
  year={2000},
  publisher={Wiley Online Library}
}

@phdthesis{bohlin2001determinants,
  title={Determinants of young children's leadership and dominance strategies during play.},
  author={Bohlin, Lisa Cornelison},
  year={2001},
  school={ProQuest Information \& Learning}
}

@article{siegel1956relationship,
  title={The relationship of hostility to authoritarianism.},
  author={Siegel, Saul M},
  journal={The Journal of Abnormal and Social Psychology},
  volume={52},
  number={3},
  pages={368},
  year={1956},
  publisher={American Psychological Association}
}

@article{gerstenfeld2003hate,
  title={Hate online: A content analysis of extremist Internet sites},
  author={Gerstenfeld, Phyllis B and Grant, Diana R and Chiang, Chau-Pu},
  journal={Analyses of social issues and public policy},
  volume={3},
  number={1},
  pages={29--44},
  year={2003},
  publisher={Wiley Online Library}
}

@article{ben2016hate,
  title={Hate speech and covert discrimination on social media: Monitoring the Facebook pages of extreme-right political parties in Spain},
  author={Ben-David, Anat and Matamoros-Fern{\'a}ndez, Ariadna},
  journal={International Journal of Communication},
  volume={10},
  pages={1167--1193},
  year={2016},
  publisher={USC Annenberg Center}
}

@incollection{beauzamy2013discontinuities,
  title={Discontinuities of Extreme-Right Political Actors? Overt and Covert Antisemitism in the Contemporary French Radical Right},
  author={Beauzamy, Brigitte},
  booktitle={Analysing Fascist Discourse: European Fascism in Talk and Text},
  volume={5},
  pages={163},
  year={2013},
  publisher={Routledge}
}

@article{smith1990symptomology,
  title={A symptomology of an authoritarian discourse},
  author={Smith, Anna Marie},
  journal={New Formations},
  volume={10},
  pages={41--65},
  year={1990}
}

